@misc{brak2018universal,
    title={A Universal Bijection for Catalan Structures},
    author={Richard Brak},
    year={2018},
    eprint={1808.09078},
    archivePrefix={arXiv},
    primaryClass={math.CO}
}

@misc{OEISCatalan,
    title={Catalan Numbers - {A000108}},
    author={The On-Line Encyclopedia of Integer Sequences},
    year={2020},
    url={https://oeis.org/A000108},
}

@book{stanley2015catalan,
  title={Catalan Numbers},
  author={Stanley, R.P.},
  isbn={9781316299586},
  url={https://books.google.com.au/books?id=i5QSBwAAQBAJ},
  year={2015},
  publisher={Cambridge University Press}
}

@misc{FreeMagma2020,
  author = {Billy Price},
  title = {{FreeMagma}},
  year = {2020},
  publisher = {GitHub},
  journal = {GitHub repository},
  url={https://github.com/billy-price/FreeMagma},
}